<?xml version="1.0" encoding="UTF-8"?>
<!-- Search-Engine-Total-Number-Of-Results: 373464 -->
<collection xmlns="http://www.loc.gov/MARC21/slim">
<record>
  <controlfield tag="000">01367cas\a2200529\a\4500</controlfield>
  <controlfield tag="001">376489</controlfield>
  <controlfield tag="005">20180329135936.0</controlfield>
  <controlfield tag="008">790523c19799999enkbr\p\\\\\\\0uuua0eng\d</controlfield>
  <datafield tag="010" ind1=" " ind2=" ">
    <subfield code="a">81640545</subfield>
  </datafield>
  <datafield tag="022" ind1="0" ind2=" ">
    <subfield code="a">0142-2421</subfield>
  </datafield>
  <datafield tag="030" ind1=" " ind2=" ">
    <subfield code="a">SIANDQ</subfield>
  </datafield>
  <datafield tag="035" ind1=" " ind2=" ">
    <subfield code="a">.b10000276</subfield>
    <subfield code="b">multi</subfield>
    <subfield code="c">0</subfield>
  </datafield>
  <datafield tag="035" ind1=" " ind2=" ">
    <subfield code="a">(OCoLC)4995160</subfield>
  </datafield>
  <datafield tag="040" ind1=" " ind2=" ">
    <subfield code="a">NSD</subfield>
    <subfield code="c">NSD</subfield>
    <subfield code="d">DLC</subfield>
    <subfield code="d">NST</subfield>
    <subfield code="d">NSD</subfield>
    <subfield code="d">NST</subfield>
    <subfield code="d">SER</subfield>
    <subfield code="d">AIP</subfield>
    <subfield code="d">NST</subfield>
    <subfield code="d">AIP</subfield>
    <subfield code="d">CIT</subfield>
  </datafield>
  <datafield tag="099" ind1=" " ind2=" ">
    <subfield code="a">JOURNAL</subfield>
  </datafield>
  <datafield tag="210" ind1="0" ind2=" ">
    <subfield code="a">SIA. Surf. interface anal</subfield>
  </datafield>
  <datafield tag="245" ind1="0" ind2="0">
    <subfield code="a">Surface and interface analysis :</subfield>
    <subfield code="b">SIA</subfield>
  </datafield>
  <datafield tag="246" ind1="1" ind2="0">
    <subfield code="a">SIA</subfield>
  </datafield>
  <datafield tag="260" ind1=" " ind2=" ">
    <subfield code="a">London ;</subfield>
    <subfield code="a">Philadelphia, PA :</subfield>
    <subfield code="b">Heyden &amp; Son,</subfield>
    <subfield code="c">1979-</subfield>
  </datafield>
  <datafield tag="300" ind1=" " ind2=" ">
    <subfield code="a">v. :</subfield>
    <subfield code="b">ill. ;</subfield>
    <subfield code="c">30 cm</subfield>
  </datafield>
  <datafield tag="310" ind1=" " ind2=" ">
    <subfield code="a">Bimonthly</subfield>
  </datafield>
  <datafield tag="362" ind1="0" ind2=" ">
    <subfield code="a">Vol. 1, no. 1 (Feb. 1979)-</subfield>
  </datafield>
  <datafield tag="650" ind1=" " ind2="0">
    <subfield code="a">Surfaces (Physics)</subfield>
    <subfield code="v">Periodicals</subfield>
  </datafield>
  <datafield tag="650" ind1=" " ind2="0">
    <subfield code="a">Surface chemistry</subfield>
    <subfield code="v">Periodicals</subfield>
  </datafield>
  <datafield tag="650" ind1=" " ind2="0">
    <subfield code="a">Thin films</subfield>
    <subfield code="v">Periodicals</subfield>
  </datafield>
  <datafield tag="655" ind1=" " ind2="0">
    <subfield code="a">Electronic journals</subfield>
  </datafield>
  <datafield tag="690" ind1=" " ind2=" ">
    <subfield code="a">WWW-Materials Science E-materials</subfield>
  </datafield>
  <datafield tag="710" ind1="2" ind2=" ">
    <subfield code="a">Wiley Online Library (Online Service)</subfield>
  </datafield>
  <datafield tag="773" ind1="1" ind2=" ">
    <subfield code="t">EBSCO FTF eresource record</subfield>
  </datafield>
  <datafield tag="856" ind1="4" ind2="2">
    <subfield code="u">https://clsproxy.library.caltech.edu/login?url=http://search.ebscohost.com/login.aspx?CustID=s8984125&amp;db=edspub&amp;type=44&amp;bQuery=AN%2065536&amp;direct=true&amp;site=pfi-live</subfield>
    <subfield code="z">&lt;a href="https://clsproxy.library.caltech.edu/login?url=http://search.ebscohost.com/login.aspx?CustID=s8984125&amp;db=edspub&amp;type=44&amp;bQuery=AN%2065536&amp;direct=true&amp;site=pfi-live" target="_blank">&lt;img src="https://library.caltech.edu/images/CaltechConnect-button-light.png" style="max-width:81px" alt="Caltech Connect">&lt;/a></subfield>
  </datafield>
  <datafield tag="907" ind1=" " ind2=" ">
    <subfield code="a">.b10000276</subfield>
    <subfield code="b">150824</subfield>
    <subfield code="c">900223</subfield>
  </datafield>
  <datafield tag="909" ind1="C" ind2="O">
    <subfield code="o">oai:caltech.tind.io:376489</subfield>
    <subfield code="p">caltech:bibliographic</subfield>
  </datafield>
  <datafield tag="948" ind1=" " ind2=" ">
    <subfield code="a">cae / skj 041904 / skj 090204</subfield>
  </datafield>
  <datafield tag="980" ind1=" " ind2=" ">
    <subfield code="a">BIB</subfield>
  </datafield>
  <datafield tag="998" ind1=" " ind2=" ">
    <subfield code="a">www</subfield>
    <subfield code="c">a</subfield>
    <subfield code="d">s</subfield>
    <subfield code="e">-</subfield>
  </datafield>
</record>