
    <record>
        <controlfield tag="001">376490</controlfield>
        <controlfield tag="000">01434cas\a2200337\\\4500</controlfield>
        <controlfield tag="005">20150923215746.0</controlfield>
        <controlfield tag="008">790522d19721972dcusr1\\\a\\\f0uuua0eng\d</controlfield>
        <datafield tag="010" ind1=" " ind2=" ">
            <subfield code="a">sc 79006006</subfield>
        </datafield>
        <datafield tag="022" ind1="1" ind2=" ">
            <subfield code="a">0192-5962</subfield>
        </datafield>
        <datafield tag="035" ind1=" " ind2=" ">
            <subfield code="a">.b10034572</subfield>
            <subfield code="b">mi   </subfield>
            <subfield code="c">0</subfield>
        </datafield>
        <datafield tag="035" ind1=" " ind2=" ">
            <subfield code="a">(OCoLC)4990063</subfield>
        </datafield>
        <datafield tag="040" ind1=" " ind2=" ">
            <subfield code="a">NLM</subfield>
            <subfield code="c">NLM</subfield>
            <subfield code="d">NSD</subfield>
            <subfield code="d">DLC</subfield>
            <subfield code="d">OCL</subfield>
            <subfield code="d">m.c.</subfield>
            <subfield code="d">GPO</subfield>
            <subfield code="d">OCL</subfield>
            <subfield code="d">SER</subfield>
            <subfield code="d">NSD</subfield>
            <subfield code="d">CIT</subfield>
        </datafield>
        <datafield tag="043" ind1=" " ind2=" ">
            <subfield code="a">n-us---</subfield>
        </datafield>
        <datafield tag="049" ind1=" " ind2=" ">
            <subfield code="a">CITA</subfield>
        </datafield>
        <datafield tag="099" ind1=" " ind2=" ">
            <subfield code="a">JOURNAL</subfield>
        </datafield>
        <datafield tag="222" ind1="0" ind2="3">
            <subfield code="a">An Announcement of highway safety literature</subfield>
        </datafield>
        <datafield tag="222" ind1="0" ind2="3">
            <subfield code="a">An Announcement of highway safety literature</subfield>
        </datafield>
        <datafield tag="245" ind1="0" ind2="3">
            <subfield code="a">An Announcement of highway safety literature</subfield>
        </datafield>
        <datafield tag="246" ind1="1" ind2="0">
            <subfield code="a">Highway safety literature</subfield>
        </datafield>
        <datafield tag="260" ind1=" " ind2=" ">
            <subfield code="a">Washington,</subfield>
            <subfield code="b">U.S. Dept. of Transportation, National Highway Traffic Safety Administration [Office of Accident Investigation and Data Analysis]</subfield>
        </datafield>
        <datafield tag="300" ind1=" " ind2=" ">
            <subfield code="a">no</subfield>
        </datafield>
        <datafield tag="362" ind1="0" ind2=" ">
            <subfield code="a">HSL no. 72-2 (Jan. 28, 1972)-HSL no. 72-24 (Dec. 15, 1972)</subfield>
        </datafield>
        <datafield tag="590" ind1=" " ind2=" ">
            <subfield code="a">MILLIKAN GOVERNMENT DOCUMENTS has: Jan. 28-Dec. 15, 1972</subfield>
        </datafield>
        <datafield tag="650" ind1=" " ind2="0">
            <subfield code="a">Traffic safety</subfield>
            <subfield code="x">Abstracts</subfield>
        </datafield>
        <datafield tag="650" ind1=" " ind2="0">
            <subfield code="a">Automobile driving</subfield>
            <subfield code="x">Abstracts</subfield>
        </datafield>
        <datafield tag="710" ind1="1" ind2="0">
            <subfield code="a">United States.</subfield>
            <subfield code="b">National Highway Traffic Safety Administration.</subfield>
            <subfield code="b">Office of Accident Investigation and Data Analysis</subfield>
        </datafield>
        <datafield tag="780" ind1="0" ind2="0">
            <subfield code="t">Highway safety literature</subfield>
            <subfield code="x">0300-6905</subfield>
        </datafield>
        <datafield tag="785" ind1="0" ind2="0">
            <subfield code="t">Highway safety literature (United States.  National Highway Traffic Safety Administration : 1973)</subfield>
            <subfield code="x">0738-5277</subfield>
        </datafield>
        <datafield tag="907" ind1=" " ind2=" ">
            <subfield code="a">.b10034572</subfield>
            <subfield code="b">150824</subfield>
            <subfield code="c">900223</subfield>
        </datafield>
        <datafield tag="909" ind1="C" ind2="O">
            <subfield code="o">oai:caltech.tind.io:376490</subfield>
            <subfield code="p">caltech:bibliographic</subfield>
        </datafield>
        <datafield tag="980" ind1=" " ind2=" ">
            <subfield code="a">BIB</subfield>
        </datafield>
        <datafield tag="998" ind1=" " ind2=" ">
            <subfield code="a">mi</subfield>
            <subfield code="b">091203</subfield>
            <subfield code="c">a</subfield>
            <subfield code="d">s</subfield>
            <subfield code="e">-</subfield>
            <subfield code="f">eng</subfield>
            <subfield code="g">dcu</subfield>
            <subfield code="h">3</subfield>
            <subfield code="i">1</subfield>
        </datafield>
    </record>