

    
    <record>
        <controlfield tag="001">376493</controlfield>
        <controlfield tag="000">00816nam\a2200217Ii\4500</controlfield>
        <controlfield tag="005">20150923215746.0</controlfield>
        <controlfield tag="008">790522s1965\\\\nyua\\\\\\\\\\10000\eng\d</controlfield>
        <datafield tag="040" ind1=" " ind2=" ">
            <subfield code="a">NSA</subfield>
            <subfield code="c">NSA</subfield>
            <subfield code="d">CIT</subfield>
        </datafield>
        <datafield tag="049" ind1=" " ind2=" ">
            <subfield code="a">CIT5</subfield>
        </datafield>
        <datafield tag="090" ind1=" " ind2=" ">
            <subfield code="a">TL796.5.U5</subfield>
            <subfield code="b">A12 1965</subfield>
        </datafield>
        <datafield tag="111" ind1="2" ind2=" ">
            <subfield code="a">AIAA Unmanned Spacecraft Meeting</subfield>
            <subfield code="c">Los Angeles, Calif.)</subfield>
            <subfield code="d">(1965 :</subfield>
        </datafield>
        <datafield tag="245" ind1="0" ind2="2">
            <subfield code="a">A volume of technical papers presented at AIAA Unmanned Spacecraft Meeting :</subfield>
            <subfield code="b">Los Angeles, California, March 1-4, 1965</subfield>
        </datafield>
        <datafield tag="260" ind1=" " ind2=" ">
            <subfield code="a">New York :</subfield>
            <subfield code="b">AIAA,</subfield>
            <subfield code="c">1965</subfield>
        </datafield>
        <datafield tag="300" ind1=" " ind2=" ">
            <subfield code="a">462 p. :</subfield>
            <subfield code="b">ill. ;</subfield>
            <subfield code="c">28 cm</subfield>
        </datafield>
        <datafield tag="490" ind1="0" ind2=" ">
            <subfield code="a">AIAA publication ; CP-12</subfield>
        </datafield>
        <datafield tag="650" ind1=" " ind2="0">
            <subfield code="a">Artificial satellites, American</subfield>
            <subfield code="x">Congresses</subfield>
        </datafield>
        <datafield tag="650" ind1=" " ind2="0">
            <subfield code="a">Space probes</subfield>
            <subfield code="x">Congresses</subfield>
        </datafield>
        <datafield tag="710" ind1="2" ind2="0">
            <subfield code="a">American Institute of Aeronautics and Astronautics</subfield>
        </datafield>
        <datafield tag="907" ind1=" " ind2=" ">
            <subfield code="a">.b10034614</subfield>
            <subfield code="b">150824</subfield>
            <subfield code="c">900223</subfield>
        </datafield>
        <datafield tag="909" ind1="C" ind2="O">
            <subfield code="o">oai:caltech.tind.io:376493</subfield>
            <subfield code="p">caltech:bibliographic</subfield>
        </datafield>
        <datafield tag="980" ind1=" " ind2=" ">
            <subfield code="a">BIB</subfield>
        </datafield>
        <datafield tag="998" ind1=" " ind2=" ">
            <subfield code="a">sfl</subfield>
            <subfield code="b">900206</subfield>
            <subfield code="c">a</subfield>
            <subfield code="d">m</subfield>
            <subfield code="e">-</subfield>
            <subfield code="f">eng</subfield>
            <subfield code="g">nyu</subfield>
            <subfield code="h">2</subfield>
            <subfield code="i">1</subfield>
        </datafield>
    </record>