
    <record>
        <controlfield tag="001">376505</controlfield>
        <controlfield tag="000">00823cas\a2200277\\\4500</controlfield>
        <controlfield tag="005">20150923215746.0</controlfield>
        <controlfield tag="008">790523d19801986nyuqr1p\\\o\\\0uuua0eng\d</controlfield>
        <datafield tag="010" ind1=" " ind2=" ">
            <subfield code="a">80644252</subfield>
        </datafield>
        <datafield tag="022" ind1="0" ind2=" ">
            <subfield code="a">0192-2890</subfield>
        </datafield>
        <datafield tag="035" ind1=" " ind2=" ">
            <subfield code="a">.b10034730</subfield>
            <subfield code="b">mi   </subfield>
            <subfield code="c">0</subfield>
        </datafield>
        <datafield tag="035" ind1=" " ind2=" ">
            <subfield code="a">(OCoLC)4993098</subfield>
        </datafield>
        <datafield tag="040" ind1=" " ind2=" ">
            <subfield code="a">NSD</subfield>
            <subfield code="c">NSD</subfield>
            <subfield code="d">DLC</subfield>
            <subfield code="d">NSD</subfield>
            <subfield code="d">NST</subfield>
            <subfield code="d">CIT</subfield>
        </datafield>
        <datafield tag="049" ind1=" " ind2=" ">
            <subfield code="a">CITA</subfield>
        </datafield>
        <datafield tag="099" ind1=" " ind2=" ">
            <subfield code="a">JOURNAL</subfield>
        </datafield>
        <datafield tag="210" ind1="0" ind2=" ">
            <subfield code="a">Dreamworks</subfield>
        </datafield>
        <datafield tag="222" ind1="0" ind2="0">
            <subfield code="a">Dreamworks</subfield>
        </datafield>
        <datafield tag="222" ind1="0" ind2="0">
            <subfield code="a">Dreamworks</subfield>
        </datafield>
        <datafield tag="245" ind1="0" ind2="0">
            <subfield code="a">Dreamworks</subfield>
        </datafield>
        <datafield tag="260" ind1=" " ind2=" ">
            <subfield code="a">[New York,</subfield>
            <subfield code="b">Human Sciences Press],</subfield>
            <subfield code="c">1980-1986</subfield>
        </datafield>
        <datafield tag="300" ind1=" " ind2=" ">
            <subfield code="a">5 v.</subfield>
            <subfield code="b">illus.</subfield>
            <subfield code="c">26cm</subfield>
        </datafield>
        <datafield tag="362" ind1="0" ind2=" ">
            <subfield code="a">Vol. 1 (spring 1980)-v. 5, no. 1 (spring 1986)</subfield>
        </datafield>
        <datafield tag="590" ind1=" " ind2=" ">
            <subfield code="a">MILLIKAN BASEMENT has: v.1, no.1 (spring 1980)-v.5, no.1 (spring 1986)</subfield>
        </datafield>
        <datafield tag="650" ind1=" " ind2="0">
            <subfield code="a">Dreams</subfield>
            <subfield code="x">Periodicals</subfield>
        </datafield>
        <datafield tag="907" ind1=" " ind2=" ">
            <subfield code="a">.b10034730</subfield>
            <subfield code="b">150824</subfield>
            <subfield code="c">900223</subfield>
        </datafield>
        <datafield tag="909" ind1="C" ind2="O">
            <subfield code="o">oai:caltech.tind.io:376505</subfield>
            <subfield code="p">caltech:bibliographic</subfield>
        </datafield>
        <datafield tag="980" ind1=" " ind2=" ">
            <subfield code="a">BIB</subfield>
        </datafield>
        <datafield tag="998" ind1=" " ind2=" ">
            <subfield code="a">mi</subfield>
            <subfield code="b">091203</subfield>
            <subfield code="c">a</subfield>
            <subfield code="d">s</subfield>
            <subfield code="e">-</subfield>
            <subfield code="f">eng</subfield>
            <subfield code="g">nyu</subfield>
            <subfield code="h">0</subfield>
            <subfield code="i">5</subfield>
        </datafield>
    </record>