

    
    <record>
        <controlfield tag="001">376507</controlfield>
        <controlfield tag="000">01337cas\a2200301\\\4500</controlfield>
        <controlfield tag="005">20150923215746.0</controlfield>
        <controlfield tag="008">790523c197u9999dcuar0\\\s\\\i0uuua0eng\d</controlfield>
        <datafield tag="010" ind1=" " ind2=" ">
            <subfield code="a">80645455</subfield>
        </datafield>
        <datafield tag="019" ind1=" " ind2=" ">
            <subfield code="a">3452173</subfield>
        </datafield>
        <datafield tag="035" ind1=" " ind2=" ">
            <subfield code="a">.b10034766</subfield>
            <subfield code="b">mi   </subfield>
            <subfield code="c">0</subfield>
        </datafield>
        <datafield tag="035" ind1=" " ind2=" ">
            <subfield code="a">(OCoLC)4994437</subfield>
        </datafield>
        <datafield tag="040" ind1=" " ind2=" ">
            <subfield code="a">DRB</subfield>
            <subfield code="c">DRB</subfield>
            <subfield code="d">COO</subfield>
            <subfield code="d">DLC</subfield>
            <subfield code="d">OCL</subfield>
            <subfield code="d">DLC</subfield>
            <subfield code="d">m.c.</subfield>
            <subfield code="d">NSD</subfield>
            <subfield code="d">OCL</subfield>
            <subfield code="d">NST</subfield>
            <subfield code="d">CIT</subfield>
        </datafield>
        <datafield tag="049" ind1=" " ind2=" ">
            <subfield code="a">CITA</subfield>
        </datafield>
        <datafield tag="090" ind1=" " ind2=" ">
            <subfield code="a">HF1</subfield>
            <subfield code="b">.C83</subfield>
        </datafield>
        <datafield tag="245" ind1="0" ind2="0">
            <subfield code="a">Commodity trade and price trends.</subfield>
            <subfield code="b">Tendances du commerce et des prix des produits de base. Tendencias del comercio y de los precios de los productos básicos</subfield>
        </datafield>
        <datafield tag="246" ind1="1" ind2="1">
            <subfield code="a">Tendances du commerce et des prix des produits de base</subfield>
        </datafield>
        <datafield tag="246" ind1="1" ind2="1">
            <subfield code="a">Tendencias del comercio y de los precios de los productos básicos</subfield>
        </datafield>
        <datafield tag="260" ind1=" " ind2=" ">
            <subfield code="a">[Washington],</subfield>
            <subfield code="b">World Bank, Commodities and Export Projections Division, Economic Analysis and Projections Department, Development Policy Staff</subfield>
        </datafield>
        <datafield tag="300" ind1=" " ind2=" ">
            <subfield code="a">v.</subfield>
            <subfield code="b">ill.</subfield>
            <subfield code="c">28cm</subfield>
        </datafield>
        <datafield tag="490" ind1="0" ind2=" ">
            <subfield code="a">Report - International Bank for Reconstruction and Development</subfield>
        </datafield>
        <datafield tag="546" ind1=" " ind2=" ">
            <subfield code="a">English, French, Spanish</subfield>
        </datafield>
        <datafield tag="650" ind1=" " ind2="0">
            <subfield code="a">Commercial statistics</subfield>
        </datafield>
        <datafield tag="650" ind1=" " ind2="0">
            <subfield code="a">Prices</subfield>
            <subfield code="x">Statistics</subfield>
        </datafield>
        <datafield tag="710" ind1="2" ind2="0">
            <subfield code="a">World Bank.</subfield>
            <subfield code="b">Commodities and Export Projections Division</subfield>
        </datafield>
        <datafield tag="780" ind1="0" ind2="0">
            <subfield code="a">International Bank for Reconstruction and Development.</subfield>
            <subfield code="t">Commodity price trends</subfield>
        </datafield>
        <datafield tag="907" ind1=" " ind2=" ">
            <subfield code="a">.b10034766</subfield>
            <subfield code="b">150824</subfield>
            <subfield code="c">900223</subfield>
        </datafield>
        <datafield tag="909" ind1="C" ind2="O">
            <subfield code="o">oai:caltech.tind.io:376507</subfield>
            <subfield code="p">caltech:bibliographic</subfield>
        </datafield>
        <datafield tag="980" ind1=" " ind2=" ">
            <subfield code="a">BIB</subfield>
        </datafield>
        <datafield tag="998" ind1=" " ind2=" ">
            <subfield code="a">mi</subfield>
            <subfield code="b">091203</subfield>
            <subfield code="c">a</subfield>
            <subfield code="d">s</subfield>
            <subfield code="e">-</subfield>
            <subfield code="f">eng</subfield>
            <subfield code="g">dcu</subfield>
            <subfield code="h">0</subfield>
            <subfield code="i">3</subfield>
        </datafield>
    </record>