

    
    <record>
        <controlfield tag="001">376508</controlfield>
        <controlfield tag="000">00809cam\a2200241I\\4500</controlfield>
        <controlfield tag="005">20150923215746.0</controlfield>
        <controlfield tag="008">790523s1966\\\\dcu\\\\\\\\\\\00000\eng\\</controlfield>
        <datafield tag="010" ind1=" " ind2=" ">
            <subfield code="a">66025710</subfield>
        </datafield>
        <datafield tag="035" ind1=" " ind2=" ">
            <subfield code="a">.b10034778</subfield>
            <subfield code="b">mi   </subfield>
            <subfield code="c">0</subfield>
        </datafield>
        <datafield tag="035" ind1=" " ind2=" ">
            <subfield code="a">(OCoLC)4994460</subfield>
        </datafield>
        <datafield tag="040" ind1=" " ind2=" ">
            <subfield code="a">DLC</subfield>
            <subfield code="c">PGC</subfield>
            <subfield code="d">m.c.</subfield>
            <subfield code="d">SER</subfield>
            <subfield code="d">IUD</subfield>
            <subfield code="d">CIT</subfield>
        </datafield>
        <datafield tag="049" ind1=" " ind2=" ">
            <subfield code="a">CIT5</subfield>
        </datafield>
        <datafield tag="090" ind1=" " ind2=" ">
            <subfield code="a">RA569</subfield>
            <subfield code="b">.N35</subfield>
        </datafield>
        <datafield tag="110" ind1="2" ind2=" ">
            <subfield code="a">National Council on Radiation Protection and Measurements</subfield>
        </datafield>
        <datafield tag="245" ind1="1" ind2="0">
            <subfield code="a">Radiation protection in educational institutions;</subfield>
            <subfield code="b">recommendations</subfield>
        </datafield>
        <datafield tag="260" ind1=" " ind2=" ">
            <subfield code="a">Washington,</subfield>
            <subfield code="c">1966</subfield>
        </datafield>
        <datafield tag="300" ind1=" " ind2=" ">
            <subfield code="a">v, 56 p.</subfield>
            <subfield code="c">23 cm</subfield>
        </datafield>
        <datafield tag="490" ind1="1" ind2=" ">
            <subfield code="a">National Council on Radiation Protection and Measurements. NCRP report</subfield>
            <subfield code="v">no. 32</subfield>
        </datafield>
        <datafield tag="650" ind1=" " ind2="0">
            <subfield code="a">Radiation</subfield>
            <subfield code="x">Safety measures</subfield>
        </datafield>
        <datafield tag="830" ind1=" " ind2="0">
            <subfield code="a">NCRP report</subfield>
            <subfield code="v">no. 32</subfield>
        </datafield>
        <datafield tag="907" ind1=" " ind2=" ">
            <subfield code="a">.b10034778</subfield>
            <subfield code="b">150824</subfield>
            <subfield code="c">900223</subfield>
        </datafield>
        <datafield tag="909" ind1="C" ind2="O">
            <subfield code="o">oai:caltech.tind.io:376508</subfield>
            <subfield code="p">caltech:bibliographic</subfield>
        </datafield>
        <datafield tag="980" ind1=" " ind2=" ">
            <subfield code="a">BIB</subfield>
        </datafield>
        <datafield tag="998" ind1=" " ind2=" ">
            <subfield code="a">sfl</subfield>
            <subfield code="b">091203</subfield>
            <subfield code="c">a</subfield>
            <subfield code="d">m</subfield>
            <subfield code="e">-</subfield>
            <subfield code="f">eng</subfield>
            <subfield code="g">dcu</subfield>
            <subfield code="h">0</subfield>
            <subfield code="i">1</subfield>
        </datafield>
    </record>