

    
<record>
  <controlfield tag="000">01178nam\a2200301Ii\4500</controlfield>
  <controlfield tag="001">376512</controlfield>
  <controlfield tag="005">20171101110701.0</controlfield>
  <controlfield tag="008">790523s1978\\\\dk\\\\\\\\\\\\10110\eng\d</controlfield>
  <datafield tag="035" ind1=" " ind2=" ">
    <subfield code="a">4994936</subfield>
  </datafield>
  <datafield tag="040" ind1=" " ind2=" ">
    <subfield code="a">NBS</subfield>
    <subfield code="c">NBS</subfield>
    <subfield code="d">m.c.</subfield>
    <subfield code="d">CIT</subfield>
  </datafield>
  <datafield tag="049" ind1=" " ind2=" ">
    <subfield code="a">CITL</subfield>
  </datafield>
  <datafield tag="090" ind1=" " ind2=" ">
    <subfield code="a">QD901</subfield>
    <subfield code="b">.I574 1978</subfield>
  </datafield>
  <datafield tag="111" ind1="2" ind2=" ">
    <subfield code="a">International Congress of Crystallography</subfield>
    <subfield code="n">(11th :</subfield>
    <subfield code="d">1978 :</subfield>
    <subfield code="c">Warsaw, Poland)</subfield>
  </datafield>
  <datafield tag="245" ind1="1" ind2="0">
    <subfield code="a">Communicated abstracts ;</subfield>
    <subfield code="b">International Union of Crystallography, Warszawa, Poland, 3-12 Aug. 1978 /</subfield>
    <subfield code="c">edited by K. Lukaszewicz and S. Olejnik</subfield>
  </datafield>
  <datafield tag="260" ind1=" " ind2=" ">
    <subfield code="a">Copenhagen :</subfield>
    <subfield code="b">Munksgaard,</subfield>
    <subfield code="c">1978</subfield>
  </datafield>
  <datafield tag="300" ind1=" " ind2=" ">
    <subfield code="a">431 p. ;</subfield>
    <subfield code="c">27 cm</subfield>
  </datafield>
  <datafield tag="490" ind1="1" ind2=" ">
    <subfield code="a">Acta crystallographica. Section A ;</subfield>
    <subfield code="v">v. 34, 1978</subfield>
  </datafield>
  <datafield tag="500" ind1=" " ind2=" ">
    <subfield code="a">Produced by the Polish Organizing Committee, Eleventh International Congress of Crystallography</subfield>
  </datafield>
  <datafield tag="500" ind1=" " ind2=" ">
    <subfield code="a">Includes indexes</subfield>
  </datafield>
  <datafield tag="583" ind1="0" ind2=" ">
    <subfield code="a">retained</subfield>
    <subfield code="x">SCELC shared print</subfield>
    <subfield code="c">20170712</subfield>
    <subfield code="5">CIT</subfield>
  </datafield>
  <datafield tag="650" ind1=" " ind2="0">
    <subfield code="a">Crystallography</subfield>
    <subfield code="x">Congresses</subfield>
  </datafield>
  <datafield tag="700" ind1="1" ind2=" ">
    <subfield code="a">Lukaszewicz, Kazimierz</subfield>
  </datafield>
  <datafield tag="700" ind1="1" ind2=" ">
    <subfield code="a">Olejnik, S</subfield>
  </datafield>
  <datafield tag="710" ind1="2" ind2=" ">
    <subfield code="a">International Union of Crystallography</subfield>
  </datafield>
  <datafield tag="830" ind1=" " ind2="0">
    <subfield code="a">Acta crystallographica. Section A. ;</subfield>
    <subfield code="v">v. 34, 1978</subfield>
  </datafield>
  <datafield tag="907" ind1=" " ind2=" ">
    <subfield code="a">.b1003481x</subfield>
    <subfield code="b">150824</subfield>
    <subfield code="c">900223</subfield>
  </datafield>
  <datafield tag="909" ind1="C" ind2="O">
    <subfield code="o">oai:caltech.tind.io:376512</subfield>
    <subfield code="p">caltech:bibliographic</subfield>
  </datafield>
  <datafield tag="948" ind1=" " ind2=" ">
    <subfield code="a">RETRO dw</subfield>
  </datafield>
  <datafield tag="980" ind1=" " ind2=" ">
    <subfield code="a">BIB</subfield>
  </datafield>
  <datafield tag="998" ind1=" " ind2=" ">
    <subfield code="a">ge</subfield>
    <subfield code="b">091203</subfield>
    <subfield code="c">a</subfield>
    <subfield code="d">m</subfield>
    <subfield code="e">-</subfield>
    <subfield code="f">eng</subfield>
    <subfield code="g">dk </subfield>
    <subfield code="h">0</subfield>
    <subfield code="i">1</subfield>
  </datafield>
</record>