

    
<record>
  <controlfield tag="000">01106cam\a2200265I\\4500</controlfield>
  <controlfield tag="001">376518</controlfield>
  <controlfield tag="005">20171101110701.0</controlfield>
  <controlfield tag="008">790524s1907\\\\gw\ac\\\\b\\\\00110bgerm\</controlfield>
  <datafield tag="035" ind1=" " ind2=" ">
    <subfield code="a">4998099</subfield>
  </datafield>
  <datafield tag="040" ind1=" " ind2=" ">
    <subfield code="a">DLC</subfield>
    <subfield code="c">COO</subfield>
    <subfield code="d">OCL</subfield>
    <subfield code="d">CIT</subfield>
  </datafield>
  <datafield tag="049" ind1=" " ind2=" ">
    <subfield code="a">CIT5</subfield>
  </datafield>
  <datafield tag="090" ind1=" " ind2=" ">
    <subfield code="a">QA21</subfield>
    <subfield code="b">.A2</subfield>
  </datafield>
  <datafield tag="100" ind1="1" ind2=" ">
    <subfield code="a">Jacobi, C. G. J.</subfield>
    <subfield code="q">(Carl Gustav Jakob),</subfield>
    <subfield code="d">1804-1851</subfield>
  </datafield>
  <datafield tag="245" ind1="1" ind2="0">
    <subfield code="a">Briefwechsel zwischen C. G. J. Jacobi und M. H. Jacobi,</subfield>
    <subfield code="c">hrsg. von W. Ahrens</subfield>
  </datafield>
  <datafield tag="260" ind1=" " ind2=" ">
    <subfield code="a">Leipzig,</subfield>
    <subfield code="b">B. G. Teubner,</subfield>
    <subfield code="c">1907</subfield>
  </datafield>
  <datafield tag="300" ind1=" " ind2=" ">
    <subfield code="a">xx, 282 p.</subfield>
    <subfield code="b">diagr., ports.</subfield>
    <subfield code="c">24 cm</subfield>
  </datafield>
  <datafield tag="490" ind1="0" ind2=" ">
    <subfield code="a">Abhandlungen zur Geschichte der mathematischen Wissenschaften mit Einschluss ihrer Anwendungen, xxii. hft</subfield>
  </datafield>
  <datafield tag="504" ind1=" " ind2=" ">
    <subfield code="a">"Anhang iv. Verzeichnis der Schriften M. H. Jacobis": p. [250]-262</subfield>
  </datafield>
  <datafield tag="583" ind1="0" ind2=" ">
    <subfield code="a">retained</subfield>
    <subfield code="x">SCELC shared print</subfield>
    <subfield code="c">20170712</subfield>
    <subfield code="5">CIT</subfield>
  </datafield>
  <datafield tag="600" ind1="1" ind2="0">
    <subfield code="a">Jacobi, C. G. J.</subfield>
    <subfield code="q">(Carl Gustav Jakob),</subfield>
    <subfield code="d">1804-1851</subfield>
    <subfield code="x">Correspondence</subfield>
  </datafield>
  <datafield tag="600" ind1="1" ind2="0">
    <subfield code="a">Jacobi, Moritz Hermann von,</subfield>
    <subfield code="d">1801-1874</subfield>
    <subfield code="x">Correspondence</subfield>
  </datafield>
  <datafield tag="700" ind1="1" ind2="0">
    <subfield code="a">Jacobi, Moritz Hermann von,</subfield>
    <subfield code="d">1801-1874</subfield>
  </datafield>
  <datafield tag="700" ind1="1" ind2="0">
    <subfield code="a">Ahrens, Wilhelm Ernst Martin Georg,</subfield>
    <subfield code="d">1872-1927</subfield>
  </datafield>
  <datafield tag="907" ind1=" " ind2=" ">
    <subfield code="a">.b10034948</subfield>
    <subfield code="b">150824</subfield>
    <subfield code="c">900223</subfield>
  </datafield>
  <datafield tag="909" ind1="C" ind2="O">
    <subfield code="o">oai:caltech.tind.io:376518</subfield>
    <subfield code="p">caltech:bibliographic</subfield>
  </datafield>
  <datafield tag="980" ind1=" " ind2=" ">
    <subfield code="a">BIB</subfield>
  </datafield>
  <datafield tag="998" ind1=" " ind2=" ">
    <subfield code="a">sfl</subfield>
    <subfield code="b">091203</subfield>
    <subfield code="c">a</subfield>
    <subfield code="d">m</subfield>
    <subfield code="e">-</subfield>
    <subfield code="f">ger</subfield>
    <subfield code="g">gw </subfield>
    <subfield code="h">0</subfield>
    <subfield code="i">1</subfield>
  </datafield>
</record>