
    <record>
        <controlfield tag="001">376519</controlfield>
        <controlfield tag="000">00841nam\a2200253I\\4500</controlfield>
        <controlfield tag="005">20150923215746.0</controlfield>
        <controlfield tag="008">790524s1943\\\\xx\\\\\\\\\\\\00000\eng\\</controlfield>
        <datafield tag="010" ind1=" " ind2=" ">
            <subfield code="a">44004481</subfield>
        </datafield>
        <datafield tag="035" ind1=" " ind2=" ">
            <subfield code="a">.b1003495x</subfield>
            <subfield code="b">mi   </subfield>
            <subfield code="c">0</subfield>
        </datafield>
        <datafield tag="035" ind1=" " ind2=" ">
            <subfield code="a">(OCoLC)4998134</subfield>
        </datafield>
        <datafield tag="040" ind1=" " ind2=" ">
            <subfield code="a">DLC</subfield>
            <subfield code="c">CLE</subfield>
            <subfield code="d">CIT</subfield>
        </datafield>
        <datafield tag="049" ind1=" " ind2=" ">
            <subfield code="a">CIT5</subfield>
        </datafield>
        <datafield tag="090" ind1=" " ind2=" ">
            <subfield code="a">QD54.T4</subfield>
            <subfield code="b">G7 1943</subfield>
        </datafield>
        <datafield tag="100" ind1="1" ind2=" ">
            <subfield code="a">Griffiths, Roosevelt</subfield>
        </datafield>
        <datafield tag="245" ind1="0" ind2="0">
            <subfield code="a">Thermostats and temperature-regulating instruments,</subfield>
            <subfield code="c">by Roosevelt Griffiths</subfield>
        </datafield>
        <datafield tag="250" ind1=" " ind2=" ">
            <subfield code="a">2d ed., rev.,</subfield>
            <subfield code="b">with 86 illustrations</subfield>
        </datafield>
        <datafield tag="260" ind1=" " ind2=" ">
            <subfield code="a">London,</subfield>
            <subfield code="b">C. Griffin and company, limited,</subfield>
            <subfield code="c">1943</subfield>
        </datafield>
        <datafield tag="300" ind1=" " ind2=" ">
            <subfield code="a">4 p. ℓ., 162 p.</subfield>
            <subfield code="b">illus., diagrs.</subfield>
            <subfield code="c">23 cm</subfield>
        </datafield>
        <datafield tag="504" ind1=" " ind2=" ">
            <subfield code="a">"References" at end of most of the chapters</subfield>
        </datafield>
        <datafield tag="650" ind1=" " ind2="0">
            <subfield code="a">Thermostat</subfield>
        </datafield>
        <datafield tag="740" ind1="0" ind2="1">
            <subfield code="a">Temperature-regulating instruments</subfield>
        </datafield>
        <datafield tag="907" ind1=" " ind2=" ">
            <subfield code="a">.b1003495x</subfield>
            <subfield code="b">150824</subfield>
            <subfield code="c">900223</subfield>
        </datafield>
        <datafield tag="909" ind1="C" ind2="O">
            <subfield code="o">oai:caltech.tind.io:376519</subfield>
            <subfield code="p">caltech:bibliographic</subfield>
        </datafield>
        <datafield tag="980" ind1=" " ind2=" ">
            <subfield code="a">BIB</subfield>
        </datafield>
        <datafield tag="998" ind1=" " ind2=" ">
            <subfield code="a">sfl</subfield>
            <subfield code="b">069002</subfield>
            <subfield code="c">a</subfield>
            <subfield code="d">m</subfield>
            <subfield code="e">-</subfield>
            <subfield code="f">eng</subfield>
            <subfield code="g">xx </subfield>
            <subfield code="h">0</subfield>
            <subfield code="i">1</subfield>
        </datafield>
    </record>