
<record>
  <controlfield tag="000">01466nam\a2200313Ii\4500</controlfield>
  <controlfield tag="001">376521</controlfield>
  <controlfield tag="005">20171101110701.0</controlfield>
  <controlfield tag="008">790524s1972\\\\enka\\\\bb\\\\10000\engm\</controlfield>
  <datafield tag="010" ind1=" " ind2=" ">
    <subfield code="a">72085858</subfield>
  </datafield>
  <datafield tag="035" ind1=" " ind2=" ">
    <subfield code="a">4998484</subfield>
  </datafield>
  <datafield tag="040" ind1=" " ind2=" ">
    <subfield code="a">DLC</subfield>
    <subfield code="c">NKM</subfield>
    <subfield code="d">m.c.</subfield>
    <subfield code="d">CIT</subfield>
  </datafield>
  <datafield tag="049" ind1=" " ind2=" ">
    <subfield code="a">CIT5</subfield>
  </datafield>
  <datafield tag="090" ind1=" " ind2=" ">
    <subfield code="a">QC319.8</subfield>
    <subfield code="b">.H38 1972</subfield>
  </datafield>
  <datafield tag="245" ind1="0" ind2="0">
    <subfield code="a">Heat and mass transfer in boundary layers :</subfield>
    <subfield code="b">proceedings of the International Summer School, Heat and Mass Transfer in Turbulent Boundary Layers, Herceg Novi, September, 1968 : and selected papers and abstracts of the International Seminar, Heat and Mass Transfer in Flows with Separated Regions, Herceg Novi, September, 1969 /</subfield>
    <subfield code="c">edited by N. Afgan, Z. Zarić, and P. Anastasijević</subfield>
  </datafield>
  <datafield tag="250" ind1=" " ind2=" ">
    <subfield code="a">1st ed</subfield>
  </datafield>
  <datafield tag="260" ind1=" " ind2=" ">
    <subfield code="a">Oxford [England] ;</subfield>
    <subfield code="a">New York :</subfield>
    <subfield code="b">Pergamon Press,</subfield>
    <subfield code="c">1972</subfield>
  </datafield>
  <datafield tag="300" ind1=" " ind2=" ">
    <subfield code="a">2 v. :</subfield>
    <subfield code="b">ill. ;</subfield>
    <subfield code="c">25 cm</subfield>
  </datafield>
  <datafield tag="504" ind1=" " ind2=" ">
    <subfield code="a">Includes bibliographical references</subfield>
  </datafield>
  <datafield tag="583" ind1="0" ind2=" ">
    <subfield code="a">retained</subfield>
    <subfield code="x">SCELC shared print</subfield>
    <subfield code="c">20170712</subfield>
    <subfield code="5">CIT</subfield>
  </datafield>
  <datafield tag="650" ind1=" " ind2="0">
    <subfield code="a">Heat</subfield>
    <subfield code="x">Transmission</subfield>
    <subfield code="x">Congresses</subfield>
  </datafield>
  <datafield tag="650" ind1=" " ind2="0">
    <subfield code="a">Mass transfer</subfield>
    <subfield code="x">Congresses</subfield>
  </datafield>
  <datafield tag="650" ind1=" " ind2="0">
    <subfield code="a">Turbulent boundary layer</subfield>
    <subfield code="x">Congresses</subfield>
  </datafield>
  <datafield tag="700" ind1="1" ind2=" ">
    <subfield code="a">Afgan, Naim</subfield>
  </datafield>
  <datafield tag="700" ind1="1" ind2=" ">
    <subfield code="a">Zarić, Zoran</subfield>
  </datafield>
  <datafield tag="700" ind1="1" ind2=" ">
    <subfield code="a">Anastasijević, P. M</subfield>
  </datafield>
  <datafield tag="711" ind1="2" ind2=" ">
    <subfield code="a">International Summer School on Heat and Mass Transfer</subfield>
    <subfield code="d">(1968 :</subfield>
    <subfield code="c">Herceg-Novi)</subfield>
  </datafield>
  <datafield tag="711" ind1="2" ind2=" ">
    <subfield code="a">International Seminar on Heat and Mass Transfer in Flows with Separated Regions and Measurement Techniques</subfield>
    <subfield code="d">(1969 :</subfield>
    <subfield code="c">Herceg-Novi)</subfield>
  </datafield>
  <datafield tag="907" ind1=" " ind2=" ">
    <subfield code="a">.b10034973</subfield>
    <subfield code="b">150824</subfield>
    <subfield code="c">900223</subfield>
  </datafield>
  <datafield tag="909" ind1="C" ind2="O">
    <subfield code="o">oai:caltech.tind.io:376521</subfield>
    <subfield code="p">caltech:bibliographic</subfield>
  </datafield>
  <datafield tag="980" ind1=" " ind2=" ">
    <subfield code="a">BIB</subfield>
  </datafield>
  <datafield tag="998" ind1=" " ind2=" ">
    <subfield code="a">sfl</subfield>
    <subfield code="b">091203</subfield>
    <subfield code="c">a</subfield>
    <subfield code="d">m</subfield>
    <subfield code="e">-</subfield>
    <subfield code="f">eng</subfield>
    <subfield code="g">enk</subfield>
    <subfield code="h">0</subfield>
    <subfield code="i">2</subfield>
  </datafield>
</record>