

    
    <record>
        <controlfield tag="001">376528</controlfield>
        <controlfield tag="000">00771cam\a2200241I\\4500</controlfield>
        <controlfield tag="005">20150923215746.0</controlfield>
        <controlfield tag="008">770527s1957\\\\fr\ach\\\b\\\\00000bfremc</controlfield>
        <datafield tag="010" ind1=" " ind2=" ">
            <subfield code="a">a  59000837</subfield>
        </datafield>
        <datafield tag="035" ind1=" " ind2=" ">
            <subfield code="a">.b10035072</subfield>
            <subfield code="b">da   </subfield>
            <subfield code="c">0</subfield>
        </datafield>
        <datafield tag="035" ind1=" " ind2=" ">
            <subfield code="a">(OCoLC)3000143</subfield>
        </datafield>
        <datafield tag="040" ind1=" " ind2=" ">
            <subfield code="a">Wisconsin. Univ. Libr.</subfield>
            <subfield code="c">OSU</subfield>
            <subfield code="d">SER</subfield>
            <subfield code="d">m/c</subfield>
        </datafield>
        <datafield tag="049" ind1=" " ind2=" ">
            <subfield code="a">CIT4</subfield>
        </datafield>
        <datafield tag="090" ind1=" " ind2=" ">
            <subfield code="a">PQ2631.E25</subfield>
            <subfield code="b">Z8</subfield>
        </datafield>
        <datafield tag="100" ind1="1" ind2=" ">
            <subfield code="a">Perche, Louis</subfield>
        </datafield>
        <datafield tag="245" ind1="1" ind2="0">
            <subfield code="a">Essai sur Charles Péguy;</subfield>
            <subfield code="b">bibliographie, dessins portraits, et facsimilés</subfield>
        </datafield>
        <datafield tag="260" ind1=" " ind2=" ">
            <subfield code="a">[Paris]</subfield>
            <subfield code="b">Seghers</subfield>
            <subfield code="c">[1957]</subfield>
        </datafield>
        <datafield tag="300" ind1=" " ind2=" ">
            <subfield code="a">223 p.</subfield>
            <subfield code="b">illus., ports., facsims.</subfield>
            <subfield code="c">16 cm</subfield>
        </datafield>
        <datafield tag="490" ind1="0" ind2=" ">
            <subfield code="a">Poètes d'aujourd'hui, 60</subfield>
        </datafield>
        <datafield tag="504" ind1=" " ind2=" ">
            <subfield code="a">Bibliography: p. 207-219</subfield>
        </datafield>
        <datafield tag="600" ind1="1" ind2="0">
            <subfield code="a">Péguy, Charles,</subfield>
            <subfield code="d">1873-1914</subfield>
        </datafield>
        <datafield tag="907" ind1=" " ind2=" ">
            <subfield code="a">.b10035072</subfield>
            <subfield code="b">150824</subfield>
            <subfield code="c">900223</subfield>
        </datafield>
        <datafield tag="909" ind1="C" ind2="O">
            <subfield code="o">oai:caltech.tind.io:376528</subfield>
            <subfield code="p">caltech:bibliographic</subfield>
        </datafield>
        <datafield tag="980" ind1=" " ind2=" ">
            <subfield code="a">BIB</subfield>
        </datafield>
        <datafield tag="998" ind1=" " ind2=" ">
            <subfield code="a">da</subfield>
            <subfield code="b">091203</subfield>
            <subfield code="c">a</subfield>
            <subfield code="d">m</subfield>
            <subfield code="e">-</subfield>
            <subfield code="f">fre</subfield>
            <subfield code="g">fr </subfield>
            <subfield code="h">0</subfield>
            <subfield code="i">1</subfield>
        </datafield>
    </record>