
    <record>
        <controlfield tag="001">376530</controlfield>
        <controlfield tag="000">00805nam\a2200253\i\4500</controlfield>
        <controlfield tag="005">20150923215746.0</controlfield>
        <controlfield tag="008">770715s1960\\\\cau\\\\\\b\\\\00110\eng\\</controlfield>
        <datafield tag="010" ind1=" " ind2=" ">
            <subfield code="a">76048000</subfield>
        </datafield>
        <datafield tag="020" ind1=" " ind2=" ">
            <subfield code="a">0804709351 :</subfield>
        </datafield>
        <datafield tag="035" ind1=" " ind2=" ">
            <subfield code="a">.b10035096</subfield>
            <subfield code="b">mi   </subfield>
            <subfield code="c">0</subfield>
        </datafield>
        <datafield tag="035" ind1=" " ind2=" ">
            <subfield code="a">(OCoLC)3000203</subfield>
        </datafield>
        <datafield tag="040" ind1=" " ind2=" ">
            <subfield code="a">DLC</subfield>
            <subfield code="c">DLC</subfield>
            <subfield code="d">CIT</subfield>
        </datafield>
        <datafield tag="043" ind1=" " ind2=" ">
            <subfield code="a">e-uk-en</subfield>
        </datafield>
        <datafield tag="049" ind1=" " ind2=" ">
            <subfield code="a">CIT5</subfield>
        </datafield>
        <datafield tag="090" ind1=" " ind2=" ">
            <subfield code="a">Z329.S79</subfield>
            <subfield code="b">B5 1977</subfield>
        </datafield>
        <datafield tag="100" ind1="1" ind2=" ">
            <subfield code="a">Blagden, Cyprian</subfield>
        </datafield>
        <datafield tag="245" ind1="1" ind2="4">
            <subfield code="a">The stationers' company :</subfield>
            <subfield code="b">a history, 1403-1959 /</subfield>
            <subfield code="c">by Cyprian Blagden</subfield>
        </datafield>
        <datafield tag="260" ind1=" " ind2=" ">
            <subfield code="a">Stanford, Calif. :</subfield>
            <subfield code="b">Stanford University Press,</subfield>
            <subfield code="c">c1960, 1977 printing</subfield>
        </datafield>
        <datafield tag="300" ind1=" " ind2=" ">
            <subfield code="a">321p. ;</subfield>
            <subfield code="c">24cm</subfield>
        </datafield>
        <datafield tag="504" ind1=" " ind2=" ">
            <subfield code="a">Includes bibliographical references and index</subfield>
        </datafield>
        <datafield tag="610" ind1="1" ind2="0">
            <subfield code="a">Stationers' Company (London, England)</subfield>
        </datafield>
        <datafield tag="907" ind1=" " ind2=" ">
            <subfield code="a">.b10035096</subfield>
            <subfield code="b">150824</subfield>
            <subfield code="c">900223</subfield>
        </datafield>
        <datafield tag="909" ind1="C" ind2="O">
            <subfield code="o">oai:caltech.tind.io:376530</subfield>
            <subfield code="p">caltech:bibliographic</subfield>
        </datafield>
        <datafield tag="980" ind1=" " ind2=" ">
            <subfield code="a">BIB</subfield>
        </datafield>
        <datafield tag="998" ind1=" " ind2=" ">
            <subfield code="a">sfl</subfield>
            <subfield code="b">069002</subfield>
            <subfield code="c">a</subfield>
            <subfield code="d">m</subfield>
            <subfield code="e">-</subfield>
            <subfield code="f">eng</subfield>
            <subfield code="g">cau</subfield>
            <subfield code="h">4</subfield>
            <subfield code="i">1</subfield>
        </datafield>
    </record>