

    
    <record>
        <controlfield tag="001">376537</controlfield>
        <controlfield tag="000">00651cam\a2200193I\\4500</controlfield>
        <controlfield tag="005">20150923215746.0</controlfield>
        <controlfield tag="008">770528s1898\\\\xx\\\\\\\\\\\\00000\eng\d</controlfield>
        <datafield tag="035" ind1=" " ind2=" ">
            <subfield code="a">.b10035163</subfield>
            <subfield code="b">da   </subfield>
            <subfield code="c">0</subfield>
        </datafield>
        <datafield tag="035" ind1=" " ind2=" ">
            <subfield code="a">(OCoLC)3000701</subfield>
        </datafield>
        <datafield tag="040" ind1=" " ind2=" ">
            <subfield code="a">TLM</subfield>
            <subfield code="c">TLM</subfield>
            <subfield code="d">CIT</subfield>
        </datafield>
        <datafield tag="049" ind1=" " ind2=" ">
            <subfield code="a">CIT4</subfield>
        </datafield>
        <datafield tag="050" ind1=" " ind2=" ">
            <subfield code="a">DG611.5</subfield>
            <subfield code="b">.W4 1898</subfield>
        </datafield>
        <datafield tag="100" ind1="1" ind2=" ">
            <subfield code="a">Wiel, Alethea Lawley,</subfield>
            <subfield code="c">Hon. "Signora T. Wiel,"</subfield>
            <subfield code="d">1851-</subfield>
        </datafield>
        <datafield tag="245" ind1="1" ind2="4">
            <subfield code="a">The romance of the house of Savoy, 1003-1519;</subfield>
            <subfield code="c">by Alethea Wiel</subfield>
        </datafield>
        <datafield tag="260" ind1=" " ind2=" ">
            <subfield code="a">New York,</subfield>
            <subfield code="a">London,</subfield>
            <subfield code="b">G.P. Putnam,</subfield>
            <subfield code="c">1898</subfield>
        </datafield>
        <datafield tag="300" ind1=" " ind2=" ">
            <subfield code="a">2v.</subfield>
            <subfield code="b">fronts., illus., plates, ports., fold. map.</subfield>
            <subfield code="c">21cm</subfield>
        </datafield>
        <datafield tag="907" ind1=" " ind2=" ">
            <subfield code="a">.b10035163</subfield>
            <subfield code="b">150824</subfield>
            <subfield code="c">900223</subfield>
        </datafield>
        <datafield tag="909" ind1="C" ind2="O">
            <subfield code="o">oai:caltech.tind.io:376537</subfield>
            <subfield code="p">caltech:bibliographic</subfield>
        </datafield>
        <datafield tag="980" ind1=" " ind2=" ">
            <subfield code="a">BIB</subfield>
        </datafield>
        <datafield tag="998" ind1=" " ind2=" ">
            <subfield code="a">da</subfield>
            <subfield code="b">069002</subfield>
            <subfield code="c">a</subfield>
            <subfield code="d">m</subfield>
            <subfield code="e">-</subfield>
            <subfield code="f">eng</subfield>
            <subfield code="g">xx </subfield>
            <subfield code="h">4</subfield>
            <subfield code="i">2</subfield>
        </datafield>
    </record>