

    
<record>
  <controlfield tag="000">00882pam\a2200277\i\4500</controlfield>
  <controlfield tag="001">376553</controlfield>
  <controlfield tag="005">20171101110702.0</controlfield>
  <controlfield tag="008">770512s1978\\\\ctu\\\\\\\\\\\00110\eng\\</controlfield>
  <datafield tag="010" ind1=" " ind2=" ">
    <subfield code="a">77076305</subfield>
  </datafield>
  <datafield tag="020" ind1=" " ind2=" ">
    <subfield code="a">0300021496</subfield>
  </datafield>
  <datafield tag="035" ind1=" " ind2=" ">
    <subfield code="a">3001929</subfield>
  </datafield>
  <datafield tag="040" ind1=" " ind2=" ">
    <subfield code="a">DLC</subfield>
    <subfield code="c">DLC</subfield>
    <subfield code="d">CIT</subfield>
  </datafield>
  <datafield tag="043" ind1=" " ind2=" ">
    <subfield code="a">f-sj---</subfield>
  </datafield>
  <datafield tag="049" ind1=" " ind2=" ">
    <subfield code="a">CIT4</subfield>
  </datafield>
  <datafield tag="090" ind1=" " ind2=" ">
    <subfield code="a">DT155.2.D56</subfield>
    <subfield code="b">D46</subfield>
  </datafield>
  <datafield tag="100" ind1="1" ind2=" ">
    <subfield code="a">Deng, Francis Mading,</subfield>
    <subfield code="d">1938-</subfield>
  </datafield>
  <datafield tag="245" ind1="1" ind2="0">
    <subfield code="a">Africans of two worlds :</subfield>
    <subfield code="b">the Dinka in Afro-Arab Sudan /</subfield>
    <subfield code="c">Francis Mading Deng</subfield>
  </datafield>
  <datafield tag="260" ind1=" " ind2=" ">
    <subfield code="a">New Haven, Conn. :</subfield>
    <subfield code="b">Yale University Press,</subfield>
    <subfield code="c">c1978</subfield>
  </datafield>
  <datafield tag="300" ind1=" " ind2=" ">
    <subfield code="a">xx, 244 p. ;</subfield>
    <subfield code="c">22 cm</subfield>
  </datafield>
  <datafield tag="500" ind1=" " ind2=" ">
    <subfield code="a">Includes index</subfield>
  </datafield>
  <datafield tag="583" ind1="0" ind2=" ">
    <subfield code="a">retained</subfield>
    <subfield code="x">SCELC shared print</subfield>
    <subfield code="c">20170712</subfield>
    <subfield code="5">CIT</subfield>
  </datafield>
  <datafield tag="650" ind1=" " ind2="0">
    <subfield code="a">Dinka (African people)</subfield>
    <subfield code="x">History</subfield>
  </datafield>
  <datafield tag="650" ind1=" " ind2="0">
    <subfield code="a">Dinka (African people)</subfield>
    <subfield code="x">Politics and government</subfield>
  </datafield>
  <datafield tag="651" ind1=" " ind2="0">
    <subfield code="a">Sudan</subfield>
    <subfield code="x">Politics and government</subfield>
  </datafield>
  <datafield tag="907" ind1=" " ind2=" ">
    <subfield code="a">.b10035333</subfield>
    <subfield code="b">150824</subfield>
    <subfield code="c">900223</subfield>
  </datafield>
  <datafield tag="909" ind1="C" ind2="O">
    <subfield code="o">oai:caltech.tind.io:376553</subfield>
    <subfield code="p">caltech:bibliographic</subfield>
  </datafield>
  <datafield tag="980" ind1=" " ind2=" ">
    <subfield code="a">BIB</subfield>
  </datafield>
  <datafield tag="998" ind1=" " ind2=" ">
    <subfield code="a">da</subfield>
    <subfield code="b">091203</subfield>
    <subfield code="c">a</subfield>
    <subfield code="d">m</subfield>
    <subfield code="e">-</subfield>
    <subfield code="f">eng</subfield>
    <subfield code="g">ctu</subfield>
    <subfield code="h">0</subfield>
    <subfield code="i">1</subfield>
  </datafield>
</record>