

    
    <record>
        <controlfield tag="001">376557</controlfield>
        <controlfield tag="000">01509nam\a22002778i\4500</controlfield>
        <controlfield tag="005">20150923215747.0</controlfield>
        <controlfield tag="008">770511s1977\\\\nyu\\\\\\\\\\\00000\eng\\</controlfield>
        <datafield tag="010" ind1=" " ind2=" ">
            <subfield code="a">77074982</subfield>
        </datafield>
        <datafield tag="020" ind1=" " ind2=" ">
            <subfield code="a">0394491416 :</subfield>
        </datafield>
        <datafield tag="035" ind1=" " ind2=" ">
            <subfield code="a">.b10035370</subfield>
            <subfield code="b">da   </subfield>
            <subfield code="c">0</subfield>
        </datafield>
        <datafield tag="035" ind1=" " ind2=" ">
            <subfield code="a">(OCoLC)3001957</subfield>
        </datafield>
        <datafield tag="040" ind1=" " ind2=" ">
            <subfield code="a">DLC</subfield>
            <subfield code="c">DLC</subfield>
            <subfield code="d">CIT</subfield>
        </datafield>
        <datafield tag="041" ind1="1" ind2=" ">
            <subfield code="a">engjpn</subfield>
        </datafield>
        <datafield tag="049" ind1=" " ind2=" ">
            <subfield code="a">CIT4</subfield>
        </datafield>
        <datafield tag="090" ind1=" " ind2=" ">
            <subfield code="a">PL782.E1</subfield>
            <subfield code="b">C6</subfield>
        </datafield>
        <datafield tag="245" ind1="0" ind2="0">
            <subfield code="a">Contemporary Japanese literature :</subfield>
            <subfield code="b">an anthology of fiction, film, and other writing since 1945 /</subfield>
            <subfield code="c">edited by Howard Hibbett</subfield>
        </datafield>
        <datafield tag="250" ind1=" " ind2=" ">
            <subfield code="a">1st ed</subfield>
        </datafield>
        <datafield tag="260" ind1=" " ind2=" ">
            <subfield code="a">New York :</subfield>
            <subfield code="b">Knopf,</subfield>
            <subfield code="c">1977</subfield>
        </datafield>
        <datafield tag="300" ind1=" " ind2=" ">
            <subfield code="a">xiv, 468p. :</subfield>
            <subfield code="b">ill. ;</subfield>
            <subfield code="c">24cm</subfield>
        </datafield>
        <datafield tag="505" ind1="0" ind2=" ">
            <subfield code="a">Furui, Y. Wedlock.--Kōno, T. Bone meat.--Abe, K. Friends.--Yasuoka, S. Prized possessions.--Kojima, N. The American school.--Kurosawa, A. Ikiru.--Ozu, Y. Tokyo story.--Takeda, T. To build a bridge.--Kurahashi, Y. To die at the estuary.--Mishima, Y. The boy who wrote poetry.--Kawabata, Y. Seven very short stories.--Kaneko, M. Three poems.--Sekine, H. Three poems.--Tamura, R. Two poems.--Yoshioka, M. Four poems.--Kanai, M. The house of Madam Juju.--Abe, A. Peaches.--Tanizaki, J. The bridge of dreams.--Nagai, T. Brief encounter.--Yoshiyuki, J. In Akiko's room.--Ōe, K. Aghwee the sky monster.--Nosaka, A. American hijiki</subfield>
        </datafield>
        <datafield tag="650" ind1=" " ind2="0">
            <subfield code="a">Japanese literature</subfield>
            <subfield code="x">Translations into English</subfield>
            <subfield code="y">20th century</subfield>
        </datafield>
        <datafield tag="650" ind1=" " ind2="0">
            <subfield code="a">English literature</subfield>
            <subfield code="x">Translations from Japanese</subfield>
        </datafield>
        <datafield tag="700" ind1="1" ind2="0">
            <subfield code="a">Hibbett, Howard</subfield>
        </datafield>
        <datafield tag="907" ind1=" " ind2=" ">
            <subfield code="a">.b10035370</subfield>
            <subfield code="b">150824</subfield>
            <subfield code="c">900223</subfield>
        </datafield>
        <datafield tag="909" ind1="C" ind2="O">
            <subfield code="o">oai:caltech.tind.io:376557</subfield>
            <subfield code="p">caltech:bibliographic</subfield>
        </datafield>
        <datafield tag="980" ind1=" " ind2=" ">
            <subfield code="a">BIB</subfield>
        </datafield>
        <datafield tag="998" ind1=" " ind2=" ">
            <subfield code="a">da</subfield>
            <subfield code="b">091203</subfield>
            <subfield code="c">a</subfield>
            <subfield code="d">m</subfield>
            <subfield code="e">-</subfield>
            <subfield code="f">eng</subfield>
            <subfield code="g">nyu</subfield>
            <subfield code="h">0</subfield>
            <subfield code="i">1</subfield>
        </datafield>
    </record>