
<record>
  <controlfield tag="000">00834nam\a22002538i\4500</controlfield>
  <controlfield tag="001">376562</controlfield>
  <controlfield tag="005">20171101110703.0</controlfield>
  <controlfield tag="008">770506s1977\\\\mau\\\\\\b\\\\00010\eng\\</controlfield>
  <datafield tag="010" ind1=" " ind2=" ">
    <subfield code="a">77073480</subfield>
  </datafield>
  <datafield tag="020" ind1=" " ind2=" ">
    <subfield code="a">0870232436 :</subfield>
    <subfield code="a">0870232444</subfield>
  </datafield>
  <datafield tag="035" ind1=" " ind2=" ">
    <subfield code="a">3001979</subfield>
  </datafield>
  <datafield tag="040" ind1=" " ind2=" ">
    <subfield code="a">DLC</subfield>
    <subfield code="c">DLC</subfield>
    <subfield code="d">CIT</subfield>
  </datafield>
  <datafield tag="049" ind1=" " ind2=" ">
    <subfield code="a">CIT4</subfield>
  </datafield>
  <datafield tag="090" ind1=" " ind2=" ">
    <subfield code="a">PN511</subfield>
    <subfield code="b">.L358</subfield>
  </datafield>
  <datafield tag="100" ind1="1" ind2=" ">
    <subfield code="a">Lesser, Simon O</subfield>
  </datafield>
  <datafield tag="245" ind1="1" ind2="4">
    <subfield code="a">The whispered meanings :</subfield>
    <subfield code="b">selected essays of Simon O. Lesser /</subfield>
    <subfield code="c">edited by Robert Sprich and Richard W. Noland</subfield>
  </datafield>
  <datafield tag="260" ind1=" " ind2=" ">
    <subfield code="a">Amherst :</subfield>
    <subfield code="b">University of Massachusetts Press,</subfield>
    <subfield code="c">1977</subfield>
  </datafield>
  <datafield tag="300" ind1=" " ind2=" ">
    <subfield code="a">237 p. ;</subfield>
    <subfield code="c">24 cm</subfield>
  </datafield>
  <datafield tag="504" ind1=" " ind2=" ">
    <subfield code="a">Bibliography: p. [235]-237</subfield>
  </datafield>
  <datafield tag="583" ind1="0" ind2=" ">
    <subfield code="a">retained</subfield>
    <subfield code="x">SCELC shared print</subfield>
    <subfield code="c">20170712</subfield>
    <subfield code="5">CIT</subfield>
  </datafield>
  <datafield tag="650" ind1=" " ind2="0">
    <subfield code="a">Literature</subfield>
    <subfield code="x">History and criticism</subfield>
  </datafield>
  <datafield tag="650" ind1=" " ind2="0">
    <subfield code="a">Psychoanalysis and literature</subfield>
  </datafield>
  <datafield tag="907" ind1=" " ind2=" ">
    <subfield code="a">.b10035424</subfield>
    <subfield code="b">150824</subfield>
    <subfield code="c">900223</subfield>
  </datafield>
  <datafield tag="909" ind1="C" ind2="O">
    <subfield code="o">oai:caltech.tind.io:376562</subfield>
    <subfield code="p">caltech:bibliographic</subfield>
  </datafield>
  <datafield tag="980" ind1=" " ind2=" ">
    <subfield code="a">BIB</subfield>
  </datafield>
  <datafield tag="998" ind1=" " ind2=" ">
    <subfield code="a">da</subfield>
    <subfield code="b">069002</subfield>
    <subfield code="c">a</subfield>
    <subfield code="d">m</subfield>
    <subfield code="e">-</subfield>
    <subfield code="f">eng</subfield>
    <subfield code="g">mau</subfield>
    <subfield code="h">4</subfield>
    <subfield code="i">1</subfield>
  </datafield>
</record>