
    <record>
        <controlfield tag="001">376564</controlfield>
        <controlfield tag="000">00863pam\a2200277\i\4500</controlfield>
        <controlfield tag="005">20150923215747.0</controlfield>
        <controlfield tag="008">770511s1977\\\\nyua\\\\\\\\\\00110ceng\\</controlfield>
        <datafield tag="010" ind1=" " ind2=" ">
            <subfield code="a">76057874</subfield>
        </datafield>
        <datafield tag="020" ind1=" " ind2=" ">
            <subfield code="a">0060128429 :</subfield>
        </datafield>
        <datafield tag="035" ind1=" " ind2=" ">
            <subfield code="a">.b10035448</subfield>
            <subfield code="b">da   </subfield>
            <subfield code="c">0</subfield>
        </datafield>
        <datafield tag="035" ind1=" " ind2=" ">
            <subfield code="a">(OCoLC)3001991</subfield>
        </datafield>
        <datafield tag="040" ind1=" " ind2=" ">
            <subfield code="a">DLC</subfield>
            <subfield code="c">DLC</subfield>
            <subfield code="d">CIT</subfield>
        </datafield>
        <datafield tag="049" ind1=" " ind2=" ">
            <subfield code="a">CIT4</subfield>
        </datafield>
        <datafield tag="090" ind1=" " ind2=" ">
            <subfield code="a">PN4874.M4837</subfield>
            <subfield code="b">A29</subfield>
        </datafield>
        <datafield tag="100" ind1="1" ind2=" ">
            <subfield code="a">Matthews, T. S.</subfield>
            <subfield code="d">1901-</subfield>
            <subfield code="q">(Thomas Stanley),</subfield>
        </datafield>
        <datafield tag="245" ind1="1" ind2="0">
            <subfield code="a">Jacks or better :</subfield>
            <subfield code="b">a narrative /</subfield>
            <subfield code="c">by T. S. Matthews</subfield>
        </datafield>
        <datafield tag="250" ind1=" " ind2=" ">
            <subfield code="a">1st ed</subfield>
        </datafield>
        <datafield tag="260" ind1=" " ind2=" ">
            <subfield code="a">New York :</subfield>
            <subfield code="b">Harper &amp; Row,</subfield>
            <subfield code="c">c1977</subfield>
        </datafield>
        <datafield tag="300" ind1=" " ind2=" ">
            <subfield code="a">vii, 354p. :</subfield>
            <subfield code="b">ill. ;</subfield>
            <subfield code="c">24cm</subfield>
        </datafield>
        <datafield tag="500" ind1=" " ind2=" ">
            <subfield code="a">Includes index</subfield>
        </datafield>
        <datafield tag="600" ind1="1" ind2="0">
            <subfield code="a">Matthews, T. S.</subfield>
            <subfield code="d">1901-</subfield>
            <subfield code="q">(Thomas Stanley),</subfield>
        </datafield>
        <datafield tag="650" ind1=" " ind2="0">
            <subfield code="a">Journalists</subfield>
            <subfield code="x">Biography</subfield>
            <subfield code="z">United States</subfield>
        </datafield>
        <datafield tag="650" ind1=" " ind2="0">
            <subfield code="a">Authors</subfield>
            <subfield code="x">Biography</subfield>
            <subfield code="y">20th century</subfield>
        </datafield>
        <datafield tag="907" ind1=" " ind2=" ">
            <subfield code="a">.b10035448</subfield>
            <subfield code="b">150824</subfield>
            <subfield code="c">900223</subfield>
        </datafield>
        <datafield tag="909" ind1="C" ind2="O">
            <subfield code="o">oai:caltech.tind.io:376564</subfield>
            <subfield code="p">caltech:bibliographic</subfield>
        </datafield>
        <datafield tag="980" ind1=" " ind2=" ">
            <subfield code="a">BIB</subfield>
        </datafield>
        <datafield tag="998" ind1=" " ind2=" ">
            <subfield code="a">da</subfield>
            <subfield code="b">091203</subfield>
            <subfield code="c">a</subfield>
            <subfield code="d">m</subfield>
            <subfield code="e">-</subfield>
            <subfield code="f">eng</subfield>
            <subfield code="g">nyu</subfield>
            <subfield code="h">0</subfield>
            <subfield code="i">1</subfield>
        </datafield>
    </record>