

    
<record>
  <controlfield tag="000">00988nam\a22003018i\4500</controlfield>
  <controlfield tag="001">376565</controlfield>
  <controlfield tag="005">20171101110703.0</controlfield>
  <controlfield tag="008">770509s1977\\\\ctu\\\\\\b\\\\00110\eng\\</controlfield>
  <datafield tag="010" ind1=" " ind2=" ">
    <subfield code="a">76057837</subfield>
  </datafield>
  <datafield tag="020" ind1=" " ind2=" ">
    <subfield code="a">0837195349 :</subfield>
  </datafield>
  <datafield tag="035" ind1=" " ind2=" ">
    <subfield code="a">3001996</subfield>
  </datafield>
  <datafield tag="040" ind1=" " ind2=" ">
    <subfield code="a">DLC</subfield>
    <subfield code="c">DLC</subfield>
    <subfield code="d">CIT</subfield>
  </datafield>
  <datafield tag="043" ind1=" " ind2=" ">
    <subfield code="a">n-us---</subfield>
  </datafield>
  <datafield tag="049" ind1=" " ind2=" ">
    <subfield code="a">CIT4</subfield>
  </datafield>
  <datafield tag="090" ind1=" " ind2=" ">
    <subfield code="a">BQ8712.9.U6</subfield>
    <subfield code="b">K37</subfield>
  </datafield>
  <datafield tag="100" ind1="1" ind2=" ">
    <subfield code="a">Kashima, Tetsuden</subfield>
  </datafield>
  <datafield tag="245" ind1="1" ind2="0">
    <subfield code="a">Buddhism in America :</subfield>
    <subfield code="b">the social organization of an ethnic religious institution /</subfield>
    <subfield code="c">by Tetsuden Kashima</subfield>
  </datafield>
  <datafield tag="260" ind1=" " ind2=" ">
    <subfield code="a">Westport, Conn. :</subfield>
    <subfield code="b">Greenwood Press,</subfield>
    <subfield code="c">1977</subfield>
  </datafield>
  <datafield tag="300" ind1=" " ind2=" ">
    <subfield code="a">xvii, 272p., [1] leaf of plates :</subfield>
    <subfield code="b">ill. ;</subfield>
    <subfield code="c">22cm</subfield>
  </datafield>
  <datafield tag="490" ind1="0" ind2=" ">
    <subfield code="a">Contributions in sociology ; no.26</subfield>
  </datafield>
  <datafield tag="500" ind1=" " ind2=" ">
    <subfield code="a">Includes index</subfield>
  </datafield>
  <datafield tag="504" ind1=" " ind2=" ">
    <subfield code="a">Bibliography: p.257-264</subfield>
  </datafield>
  <datafield tag="583" ind1="0" ind2=" ">
    <subfield code="a">retained</subfield>
    <subfield code="x">SCELC shared print</subfield>
    <subfield code="c">20170712</subfield>
    <subfield code="5">CIT</subfield>
  </datafield>
  <datafield tag="610" ind1="2" ind2="0">
    <subfield code="a">Buddhist Churches of America</subfield>
  </datafield>
  <datafield tag="650" ind1=" " ind2="0">
    <subfield code="a">Sociology, Buddhist</subfield>
    <subfield code="z">United States</subfield>
  </datafield>
  <datafield tag="650" ind1=" " ind2="0">
    <subfield code="a">Japanese</subfield>
    <subfield code="z">United States</subfield>
  </datafield>
  <datafield tag="907" ind1=" " ind2=" ">
    <subfield code="a">.b1003545x</subfield>
    <subfield code="b">150824</subfield>
    <subfield code="c">900223</subfield>
  </datafield>
  <datafield tag="909" ind1="C" ind2="O">
    <subfield code="o">oai:caltech.tind.io:376565</subfield>
    <subfield code="p">caltech:bibliographic</subfield>
  </datafield>
  <datafield tag="980" ind1=" " ind2=" ">
    <subfield code="a">BIB</subfield>
  </datafield>
  <datafield tag="998" ind1=" " ind2=" ">
    <subfield code="a">da</subfield>
    <subfield code="b">091203</subfield>
    <subfield code="c">a</subfield>
    <subfield code="d">m</subfield>
    <subfield code="e">-</subfield>
    <subfield code="f">eng</subfield>
    <subfield code="g">ctu</subfield>
    <subfield code="h">0</subfield>
    <subfield code="i">1</subfield>
  </datafield>
</record>