
    <record>
        <controlfield tag="001">376566</controlfield>
        <controlfield tag="000">00990cam\a2200313\i\4500</controlfield>
        <controlfield tag="005">20150923215747.0</controlfield>
        <controlfield tag="008">770509s1977\\\\nyuaf\\\\\\\\\00010\eng\\</controlfield>
        <datafield tag="010" ind1=" " ind2=" ">
            <subfield code="a">77073051 //r83</subfield>
        </datafield>
        <datafield tag="019" ind1=" " ind2=" ">
            <subfield code="a">7661674</subfield>
        </datafield>
        <datafield tag="020" ind1=" " ind2=" ">
            <subfield code="a">0151446105</subfield>
        </datafield>
        <datafield tag="035" ind1=" " ind2=" ">
            <subfield code="a">.b10035461</subfield>
            <subfield code="b">ge   </subfield>
            <subfield code="c">0</subfield>
        </datafield>
        <datafield tag="035" ind1=" " ind2=" ">
            <subfield code="a">(OCoLC)3001999</subfield>
        </datafield>
        <datafield tag="040" ind1=" " ind2=" ">
            <subfield code="a">DLC</subfield>
            <subfield code="c">DLC</subfield>
            <subfield code="d">CIT</subfield>
        </datafield>
        <datafield tag="041" ind1="1" ind2=" ">
            <subfield code="a">engger</subfield>
        </datafield>
        <datafield tag="049" ind1=" " ind2=" ">
            <subfield code="a">CITL</subfield>
        </datafield>
        <datafield tag="090" ind1=" " ind2=" ">
            <subfield code="a">QH88</subfield>
            <subfield code="b">.G4613</subfield>
        </datafield>
        <datafield tag="100" ind1="1" ind2=" ">
            <subfield code="a">George, Uwe,</subfield>
            <subfield code="d">1940-</subfield>
        </datafield>
        <datafield tag="240" ind1="1" ind2="0">
            <subfield code="a">In den Wüsten dieser Erde.</subfield>
            <subfield code="l">English</subfield>
        </datafield>
        <datafield tag="245" ind1="1" ind2="0">
            <subfield code="a">In the deserts of this Earth /</subfield>
            <subfield code="c">Uwe George ; translated from the German by Richard and Clara Winston</subfield>
        </datafield>
        <datafield tag="250" ind1=" " ind2=" ">
            <subfield code="a">1st ed</subfield>
        </datafield>
        <datafield tag="260" ind1=" " ind2=" ">
            <subfield code="a">New York :</subfield>
            <subfield code="b">Harcourt Brace Jovanovich,</subfield>
            <subfield code="c">c1977</subfield>
        </datafield>
        <datafield tag="300" ind1=" " ind2=" ">
            <subfield code="a">309 p., [16] leaves of plates :</subfield>
            <subfield code="b">ill. ;</subfield>
            <subfield code="c">24 cm</subfield>
        </datafield>
        <datafield tag="500" ind1=" " ind2=" ">
            <subfield code="a">Translation of In den Wüsten dieser Erde</subfield>
        </datafield>
        <datafield tag="500" ind1=" " ind2=" ">
            <subfield code="a">"A Helen and Kurt Wolff book."</subfield>
        </datafield>
        <datafield tag="650" ind1=" " ind2="0">
            <subfield code="a">Desert biology</subfield>
        </datafield>
        <datafield tag="650" ind1=" " ind2="0">
            <subfield code="a">Deserts</subfield>
        </datafield>
        <datafield tag="907" ind1=" " ind2=" ">
            <subfield code="a">.b10035461</subfield>
            <subfield code="b">150824</subfield>
            <subfield code="c">900223</subfield>
        </datafield>
        <datafield tag="909" ind1="C" ind2="O">
            <subfield code="o">oai:caltech.tind.io:376566</subfield>
            <subfield code="p">caltech:bibliographic</subfield>
        </datafield>
        <datafield tag="980" ind1=" " ind2=" ">
            <subfield code="a">BIB</subfield>
        </datafield>
        <datafield tag="998" ind1=" " ind2=" ">
            <subfield code="a">ge</subfield>
            <subfield code="b">091203</subfield>
            <subfield code="c">a</subfield>
            <subfield code="d">m</subfield>
            <subfield code="e">-</subfield>
            <subfield code="f">eng</subfield>
            <subfield code="g">nyu</subfield>
            <subfield code="h">0</subfield>
            <subfield code="i">1</subfield>
        </datafield>
    </record>