

    
    <record>
        <controlfield tag="001">376571</controlfield>
        <controlfield tag="000">01025pam\a2200325\i\4500</controlfield>
        <controlfield tag="005">20150923215747.0</controlfield>
        <controlfield tag="008">770512s1978\\\\enk\\\\\\b\\\\00010\eng\\</controlfield>
        <datafield tag="010" ind1=" " ind2=" ">
            <subfield code="a">77023553</subfield>
        </datafield>
        <datafield tag="020" ind1=" " ind2=" ">
            <subfield code="a">0521217792</subfield>
        </datafield>
        <datafield tag="035" ind1=" " ind2=" ">
            <subfield code="a">.b10035527</subfield>
            <subfield code="b">mi   </subfield>
            <subfield code="c">0</subfield>
        </datafield>
        <datafield tag="035" ind1=" " ind2=" ">
            <subfield code="a">(OCoLC)3002077</subfield>
        </datafield>
        <datafield tag="040" ind1=" " ind2=" ">
            <subfield code="a">DLC</subfield>
            <subfield code="c">DLC</subfield>
            <subfield code="d">CIT</subfield>
        </datafield>
        <datafield tag="049" ind1=" " ind2=" ">
            <subfield code="a">CITA</subfield>
        </datafield>
        <datafield tag="090" ind1=" " ind2=" ">
            <subfield code="a">JX1963</subfield>
            <subfield code="b">.G23</subfield>
        </datafield>
        <datafield tag="100" ind1="1" ind2=" ">
            <subfield code="a">Gallie, W. B.,</subfield>
            <subfield code="d">1912-</subfield>
        </datafield>
        <datafield tag="245" ind1="1" ind2="0">
            <subfield code="a">Philosophers of peace and war :</subfield>
            <subfield code="b">Kant, Clausewitz, Marx, Engels and Tolstoy /</subfield>
            <subfield code="c">W. B. Gallie</subfield>
        </datafield>
        <datafield tag="260" ind1=" " ind2=" ">
            <subfield code="a">Cambridge ;</subfield>
            <subfield code="a">New York :</subfield>
            <subfield code="b">Cambridge University Press,</subfield>
            <subfield code="c">1978</subfield>
        </datafield>
        <datafield tag="300" ind1=" " ind2=" ">
            <subfield code="a">x, 147 p. ;</subfield>
            <subfield code="c">24 cm</subfield>
        </datafield>
        <datafield tag="490" ind1="0" ind2=" ">
            <subfield code="a">Wiles lectures ; 1976</subfield>
        </datafield>
        <datafield tag="504" ind1=" " ind2=" ">
            <subfield code="a">Bibliography: p. 142-143</subfield>
        </datafield>
        <datafield tag="600" ind1="1" ind2="0">
            <subfield code="a">Clausewitz, Carl von,</subfield>
            <subfield code="d">1780-1831</subfield>
        </datafield>
        <datafield tag="600" ind1="1" ind2="0">
            <subfield code="a">Engels, Friedrich,</subfield>
            <subfield code="d">1820-1895</subfield>
        </datafield>
        <datafield tag="600" ind1="1" ind2="0">
            <subfield code="a">Kant, Immanuel,</subfield>
            <subfield code="d">1724-1804</subfield>
        </datafield>
        <datafield tag="600" ind1="1" ind2="0">
            <subfield code="a">Marx, Karl,</subfield>
            <subfield code="d">1818-1883</subfield>
        </datafield>
        <datafield tag="600" ind1="1" ind2="0">
            <subfield code="a">Tolstoy, Leo,</subfield>
            <subfield code="c">graf,</subfield>
            <subfield code="d">1828-1910</subfield>
        </datafield>
        <datafield tag="650" ind1=" " ind2="0">
            <subfield code="a">Peace</subfield>
        </datafield>
        <datafield tag="650" ind1=" " ind2="0">
            <subfield code="a">War</subfield>
        </datafield>
        <datafield tag="907" ind1=" " ind2=" ">
            <subfield code="a">.b10035527</subfield>
            <subfield code="b">150824</subfield>
            <subfield code="c">900223</subfield>
        </datafield>
        <datafield tag="909" ind1="C" ind2="O">
            <subfield code="o">oai:caltech.tind.io:376571</subfield>
            <subfield code="p">caltech:bibliographic</subfield>
        </datafield>
        <datafield tag="980" ind1=" " ind2=" ">
            <subfield code="a">BIB</subfield>
        </datafield>
        <datafield tag="998" ind1=" " ind2=" ">
            <subfield code="a">mi</subfield>
            <subfield code="b">091203</subfield>
            <subfield code="c">a</subfield>
            <subfield code="d">m</subfield>
            <subfield code="e">-</subfield>
            <subfield code="f">eng</subfield>
            <subfield code="g">enk</subfield>
            <subfield code="h">0</subfield>
            <subfield code="i">1</subfield>
        </datafield>
    </record>