

    
<record>
  <controlfield tag="000">00776pam\a2200265\i\4500</controlfield>
  <controlfield tag="001">376579</controlfield>
  <controlfield tag="005">20171101110703.0</controlfield>
  <controlfield tag="008">770511s1977\\\\ctub\\\\\b\\\\00110\eng\\</controlfield>
  <datafield tag="010" ind1=" " ind2=" ">
    <subfield code="a">77023378</subfield>
  </datafield>
  <datafield tag="020" ind1=" " ind2=" ">
    <subfield code="a">0208017062</subfield>
  </datafield>
  <datafield tag="035" ind1=" " ind2=" ">
    <subfield code="a">3002329</subfield>
  </datafield>
  <datafield tag="040" ind1=" " ind2=" ">
    <subfield code="a">DLC</subfield>
    <subfield code="c">DLC</subfield>
    <subfield code="d">CIT</subfield>
  </datafield>
  <datafield tag="043" ind1=" " ind2=" ">
    <subfield code="a">e-uk-st</subfield>
  </datafield>
  <datafield tag="049" ind1=" " ind2=" ">
    <subfield code="a">CITA</subfield>
  </datafield>
  <datafield tag="090" ind1=" " ind2=" ">
    <subfield code="a">HC257.S4</subfield>
    <subfield code="b">L39 1977</subfield>
  </datafield>
  <datafield tag="100" ind1="1" ind2=" ">
    <subfield code="a">Lenman, Bruce</subfield>
  </datafield>
  <datafield tag="245" ind1="1" ind2="3">
    <subfield code="a">An economic history of modern Scotland, 1660-1976 /</subfield>
    <subfield code="c">Bruce Lenman</subfield>
  </datafield>
  <datafield tag="260" ind1=" " ind2=" ">
    <subfield code="a">Hamden, Conn. :</subfield>
    <subfield code="b">Archon Books,</subfield>
    <subfield code="c">1977</subfield>
  </datafield>
  <datafield tag="300" ind1=" " ind2=" ">
    <subfield code="a">288 p. :</subfield>
    <subfield code="b">maps ;</subfield>
    <subfield code="c">23 cm</subfield>
  </datafield>
  <datafield tag="500" ind1=" " ind2=" ">
    <subfield code="a">Includes index</subfield>
  </datafield>
  <datafield tag="504" ind1=" " ind2=" ">
    <subfield code="a">Bibliography: p. 271-280</subfield>
  </datafield>
  <datafield tag="583" ind1="0" ind2=" ">
    <subfield code="a">retained</subfield>
    <subfield code="x">SCELC shared print</subfield>
    <subfield code="c">20170712</subfield>
    <subfield code="5">CIT</subfield>
  </datafield>
  <datafield tag="651" ind1=" " ind2="0">
    <subfield code="a">Scotland</subfield>
    <subfield code="x">Economic conditions</subfield>
  </datafield>
  <datafield tag="907" ind1=" " ind2=" ">
    <subfield code="a">.b1003562x</subfield>
    <subfield code="b">150824</subfield>
    <subfield code="c">900223</subfield>
  </datafield>
  <datafield tag="909" ind1="C" ind2="O">
    <subfield code="o">oai:caltech.tind.io:376579</subfield>
    <subfield code="p">caltech:bibliographic</subfield>
  </datafield>
  <datafield tag="980" ind1=" " ind2=" ">
    <subfield code="a">BIB</subfield>
  </datafield>
  <datafield tag="998" ind1=" " ind2=" ">
    <subfield code="a">mi</subfield>
    <subfield code="b">091203</subfield>
    <subfield code="c">a</subfield>
    <subfield code="d">m</subfield>
    <subfield code="e">-</subfield>
    <subfield code="f">eng</subfield>
    <subfield code="g">ctu</subfield>
    <subfield code="h">3</subfield>
    <subfield code="i">1</subfield>
  </datafield>
</record>