

    
    <record>
        <controlfield tag="001">376587</controlfield>
        <controlfield tag="000">01212pam\a2200313\i\4500</controlfield>
        <controlfield tag="005">20150923215747.0</controlfield>
        <controlfield tag="008">770509s1977\\\\nyua\\\\\bc\\\00000\eng\\</controlfield>
        <datafield tag="010" ind1=" " ind2=" ">
            <subfield code="a">77008692</subfield>
        </datafield>
        <datafield tag="035" ind1=" " ind2=" ">
            <subfield code="a">.b10035722</subfield>
            <subfield code="b">da   </subfield>
            <subfield code="c">0</subfield>
        </datafield>
        <datafield tag="035" ind1=" " ind2=" ">
            <subfield code="a">(OCoLC)3002545</subfield>
        </datafield>
        <datafield tag="040" ind1=" " ind2=" ">
            <subfield code="a">DLC</subfield>
            <subfield code="c">DLC</subfield>
            <subfield code="d">CIT</subfield>
        </datafield>
        <datafield tag="049" ind1=" " ind2=" ">
            <subfield code="a">CIT4</subfield>
        </datafield>
        <datafield tag="090" ind1=" " ind2=" ">
            <subfield code="a">N6782</subfield>
            <subfield code="b">.T73</subfield>
        </datafield>
        <datafield tag="245" ind1="0" ind2="0">
            <subfield code="a">Treasures of early Irish art, 1500 B.C. to 1500 A.D. :</subfield>
            <subfield code="b">from the collections of the National Museum of Ireland, Royal Irish Academy, Trinity College, Dublin /</subfield>
            <subfield code="c">exhibited at the Metropolitan Museum of Art ... [et al.] ; photography by Lee Boltin</subfield>
        </datafield>
        <datafield tag="260" ind1=" " ind2=" ">
            <subfield code="a">New York :</subfield>
            <subfield code="b">Metropolitan Museum of Art,</subfield>
            <subfield code="c">1977</subfield>
        </datafield>
        <datafield tag="300" ind1=" " ind2=" ">
            <subfield code="a">221p. :</subfield>
            <subfield code="b">col. ill. ;</subfield>
            <subfield code="c">28cm</subfield>
        </datafield>
        <datafield tag="504" ind1=" " ind2=" ">
            <subfield code="a">Bibliography: p.221</subfield>
        </datafield>
        <datafield tag="650" ind1=" " ind2="0">
            <subfield code="a">Art, Irish</subfield>
            <subfield code="x">Exhibitions</subfield>
        </datafield>
        <datafield tag="650" ind1=" " ind2="0">
            <subfield code="a">Art, Prehistoric</subfield>
            <subfield code="x">Exhibitions</subfield>
            <subfield code="z">Ireland</subfield>
        </datafield>
        <datafield tag="650" ind1=" " ind2="0">
            <subfield code="a">Art, Ancient</subfield>
            <subfield code="x">Exhibitions</subfield>
            <subfield code="z">Ireland</subfield>
        </datafield>
        <datafield tag="650" ind1=" " ind2="0">
            <subfield code="a">Art, Medieval</subfield>
            <subfield code="x">Exhibitions</subfield>
            <subfield code="z">Ireland</subfield>
        </datafield>
        <datafield tag="700" ind1="1" ind2="0">
            <subfield code="a">Boltin, Lee</subfield>
        </datafield>
        <datafield tag="710" ind1="1" ind2="0">
            <subfield code="a">National Museum of Ireland</subfield>
        </datafield>
        <datafield tag="710" ind1="2" ind2="0">
            <subfield code="a">Royal Irish Academy</subfield>
        </datafield>
        <datafield tag="710" ind1="1" ind2="0">
            <subfield code="a">Trinity College (Dublin, Ireland)</subfield>
        </datafield>
        <datafield tag="710" ind1="1" ind2="0">
            <subfield code="a">Metropolitan Museum of Art (New York, N.Y.)</subfield>
        </datafield>
        <datafield tag="907" ind1=" " ind2=" ">
            <subfield code="a">.b10035722</subfield>
            <subfield code="b">150824</subfield>
            <subfield code="c">900223</subfield>
        </datafield>
        <datafield tag="909" ind1="C" ind2="O">
            <subfield code="o">oai:caltech.tind.io:376587</subfield>
            <subfield code="p">caltech:bibliographic</subfield>
        </datafield>
        <datafield tag="980" ind1=" " ind2=" ">
            <subfield code="a">BIB</subfield>
        </datafield>
        <datafield tag="998" ind1=" " ind2=" ">
            <subfield code="a">mi</subfield>
            <subfield code="b">069002</subfield>
            <subfield code="c">a</subfield>
            <subfield code="d">m</subfield>
            <subfield code="e">-</subfield>
            <subfield code="f">eng</subfield>
            <subfield code="g">nyu</subfield>
            <subfield code="h">0</subfield>
            <subfield code="i">1</subfield>
        </datafield>
    </record>