
<record>
  <controlfield tag="000">00863cam\a2200277\i\4500</controlfield>
  <controlfield tag="001">376595</controlfield>
  <controlfield tag="005">20171101110704.0</controlfield>
  <controlfield tag="008">770511s1978\\\\enka\\\\\b\\\\00100\eng\\</controlfield>
  <datafield tag="010" ind1=" " ind2=" ">
    <subfield code="a">77008633 //r87</subfield>
  </datafield>
  <datafield tag="020" ind1=" " ind2=" ">
    <subfield code="a">0521214815</subfield>
  </datafield>
  <datafield tag="035" ind1=" " ind2=" ">
    <subfield code="a">3002664</subfield>
  </datafield>
  <datafield tag="040" ind1=" " ind2=" ">
    <subfield code="a">DLC</subfield>
    <subfield code="c">DLC</subfield>
    <subfield code="d">CIT</subfield>
  </datafield>
  <datafield tag="049" ind1=" " ind2=" ">
    <subfield code="a">CIT5</subfield>
  </datafield>
  <datafield tag="090" ind1=" " ind2=" ">
    <subfield code="a">QP385.5</subfield>
    <subfield code="b">.A85</subfield>
  </datafield>
  <datafield tag="245" ind1="0" ind2="0">
    <subfield code="a">Asymmetrical function of the brain /</subfield>
    <subfield code="c">edited by Marcel Kinsbourne</subfield>
  </datafield>
  <datafield tag="260" ind1=" " ind2=" ">
    <subfield code="a">Cambridge ;</subfield>
    <subfield code="a">New York :</subfield>
    <subfield code="b">Cambridge University Press,</subfield>
    <subfield code="c">1978</subfield>
  </datafield>
  <datafield tag="300" ind1=" " ind2=" ">
    <subfield code="a">x, 581 p. :</subfield>
    <subfield code="b">ill. ;</subfield>
    <subfield code="c">24 cm</subfield>
  </datafield>
  <datafield tag="504" ind1=" " ind2=" ">
    <subfield code="a">Includes bibliographies and indexes</subfield>
  </datafield>
  <datafield tag="583" ind1="0" ind2=" ">
    <subfield code="a">retained</subfield>
    <subfield code="x">SCELC shared print</subfield>
    <subfield code="c">20170712</subfield>
    <subfield code="5">CIT</subfield>
  </datafield>
  <datafield tag="650" ind1=" " ind2="0">
    <subfield code="a">Cerebral dominance</subfield>
  </datafield>
  <datafield tag="650" ind1=" " ind2="0">
    <subfield code="a">Laterality</subfield>
  </datafield>
  <datafield tag="650" ind1=" " ind2="0">
    <subfield code="a">Brain</subfield>
    <subfield code="x">Localization of functions</subfield>
  </datafield>
  <datafield tag="650" ind1=" " ind2="0">
    <subfield code="a">Cognition</subfield>
  </datafield>
  <datafield tag="700" ind1="1" ind2="0">
    <subfield code="a">Kinsbourne, Marcel,</subfield>
    <subfield code="d">1931-</subfield>
  </datafield>
  <datafield tag="907" ind1=" " ind2=" ">
    <subfield code="a">.b10035801</subfield>
    <subfield code="b">150824</subfield>
    <subfield code="c">900223</subfield>
  </datafield>
  <datafield tag="909" ind1="C" ind2="O">
    <subfield code="o">oai:caltech.tind.io:376595</subfield>
    <subfield code="p">caltech:bibliographic</subfield>
  </datafield>
  <datafield tag="980" ind1=" " ind2=" ">
    <subfield code="a">BIB</subfield>
  </datafield>
  <datafield tag="998" ind1=" " ind2=" ">
    <subfield code="a">sfl</subfield>
    <subfield code="b">091203</subfield>
    <subfield code="c">a</subfield>
    <subfield code="d">m</subfield>
    <subfield code="e">-</subfield>
    <subfield code="f">eng</subfield>
    <subfield code="g">enk</subfield>
    <subfield code="h">0</subfield>
    <subfield code="i">1</subfield>
  </datafield>
</record>